<?xml version="1.0" encoding="UTF-8"?><record xmlns="http://www.loc.gov/MARC21/slim" xmlns:cinclude="http://apache.org/cocoon/include/1.0" xmlns:zs="http://www.loc.gov/zing/srw/">
  <leader>00366nz  a2200121n  4500</leader>
  <controlfield tag="001">n  87151499 </controlfield>
  <controlfield tag="003">DLC</controlfield>
  <controlfield tag="005">19871216110322.4</controlfield>
  <controlfield tag="008">871216n| acannaab|          |n aad |||  </controlfield>
  <datafield tag="010" ind1=" " ind2=" ">
    <subfield code="a">n  87151499 </subfield>
  </datafield>
  <datafield tag="040" ind1=" " ind2=" ">
    <subfield code="a">DLC</subfield>
    <subfield code="c">DLC</subfield>
  </datafield>
  <datafield tag="100" ind1="1" ind2="0">
    <subfield code="a">Miller, Richard C.</subfield>
  </datafield>
  <datafield tag="670" ind1=" " ind2=" ">
    <subfield code="a">nuc87-130420: Gifted at a glance, 1980</subfield>
    <subfield code="b">(hdg. on TxCM rept.: Miller, Richard C.; usage: Richard C. Miller, Jr.)</subfield>
  </datafield>
</record>